% Encoding: UTF-8

@Article{hagenauer1996iterative,
  author    = {Hagenauer, Joachim and Offer, Elke and Papke, Lutz},
  title     = {Iterative decoding of binary block and convolutional codes},
  journal   = {IEEE Transactions on information theory},
  year      = {1996},
  volume    = {42},
  number    = {2},
  pages     = {429--445},
  publisher = {IEEE},
}

@InProceedings{mayer2006turbo,
  author       = {Mayer, Timo and Jenkac, Hrvoje and Hagenauer, Joachim},
  title        = {Turbo base-station cooperation for intercell interference cancellation},
  booktitle    = {Communications, 2006. ICC'06. IEEE International Conference on},
  year         = {2006},
  volume       = {11},
  pages        = {4977--4982},
  organization = {Citeseer},
}

@Book{alley1996craft,
  title     = {The craft of scientific presentations},
  publisher = {Springer},
  year      = {1996},
  author    = {Alley, Michael},
}

@Comment{jabref-meta: databaseType:bibtex;}
